@article{chervonekis,
  title={On the Uniform Convergence of Relative Frequencies of Events to their Probabilities},
  author={Chervonenkis, Alexey and Vapnik, Vladimir},
  journal={Theory of Probability and its Applications},
  volume={16},
  pages={264--280},
  year={1971}
}

@article{neyshabur,
    title={Norm-Based Capacity Control in Neural Nets},
    author={Neyshabur, Behnam and Tomioka, Ryota and Srebro, Nathan},
    journal={Proceedings of the 28th Conference on Learning Theory},
    volume={},
    pages={1376--1401},
    year={2015}
}


@article{bartlett,
    title={Spectrally-Normalized Margin Bounds for Neural Networks},
    author={Peter L. Bartlett and Dylan J. Foster and Matus J. Telgarsky},
    journal={Advances in Neural Information Processing Systems},
    volume={30},
    pages={},
    year={2017}
}


@article{valiant,
    title={A Theory of the Learnable},
    author={Leslie G. Valiant},
    journal={Communications of the ACM},
    volume={27},
    number={11},
    pages={1134--1142},
    year={1984}
}

@book{upfal,
  title={Probability and Computing: Randomization and Probabilistic Techniques in Algorithms and Data Analysis},
  author={Mitzenmacher, Michael and Upfal, Eli},
  year={2017},
  publisher={Cambridge University Press},
  edition={second edition}
}

@article{blumer,
    title={Learnability and the {V}apnik-{C}hervonekis Dimension},
    author={Anselm Blumer and Andrzej Ehrenfeucht and David Haussler and Manfred K. Wwarmuth},
    journal={Journal of the Association for Computing Machinery},
    volume={36},
    number={4},
    pages={929--965},
    year={1989}
}

@article{gupta,
    title={A {PAC} Approach to Application-Specific Algorithm Selection},
    author={Rishi Gupta and Tim Roughgarden},
    journal={SIAM Journal on Computing},
    volume={46},
    number={3},
    pages={992--1017},
    year={2017}
}

@article{bartlett-emd,
    title={Model Selection and Error Estimation},
    author={Peter L. Bartlett and St\'aphane Boucheron and G\'abor Lugosi},
    journal={Machine Learning},
    volume={48},
    number={1},
    pages={85--113},
    year={2002}
}

@MISC{cousins,
    title={On the Statistics of Combinatorial Learning},
    author={Cyrus Cousins},
    url={cs.brown.edu/people/grad/ccousins},
    year={2018},
    note={Online}
}


@article{rethage,
    title={A Wavenet for Speech Denoising},
    author={Dario Rethage and Jordi Pons and Xavier Serra},
    journal={Proceedings of the 43rd IEEE International Conference on Acoustics, Speech and Signal Processing},
    volume={},
    number={},
    pages={},
    year={2018}
}


@inproceedings{elomaa2002progressive,
  title={Progressive Rademacher Sampling},
  author={Tapio Elomaa and Matti K{\"a}{\"a}ri{\"a}inen},
  booktitle={AAAI/IAAI},
  year={2002}
}


@inproceedings{riondato2015mining,
  title={Mining frequent itemsets through progressive sampling with rademacher averages},
  author={Riondato, Matteo and Upfal, Eli},
  booktitle={Proceedings of the 21th ACM SIGKDD International Conference on Knowledge Discovery and Data Mining},
  pages={1005--1014},
  year={2015},
  organization={ACM}
}


@inproceedings{riondato2016abra,
  title={ABRA: Approximating betweenness centrality in static and dynamic graphs with rademacher averages},
  author={Riondato, Matteo and Upfal, Eli},
  booktitle={Proceedings of the 22nd ACM SIGKDD International Conference on Knowledge Discovery and Data Mining},
  pages={1145--1154},
  year={2016},
  organization={ACM}
}


@article{bartlett2005local,
  title={Local rademacher complexities},
  author={Bartlett, Peter L and Bousquet, Olivier and Mendelson, Shahar and others},
  journal={The Annals of Statistics},
  volume={33},
  number={4},
  pages={1497--1537},
  year={2005},
  publisher={Institute of Mathematical Statistics}
}


@article{ying,
    title={Rademacher chaos complexities for learning the kernel problem},
    author={Yiming Ying and Colin Campbell},
    journal={Neural Computation},
    volume={22},
    number={11},
    pages={2858--2886},
    year={2010}
}

@inproceedings{massart,
  title={Some applications of concentration inequalities to statistics},
  author={Massart, Pascal},
  booktitle={Annales-Faculte des Sciences Toulouse Mathematiques},
  volume={9},
  number={2},
  pages={245--303},
  year={2000},
  organization={Universit{\'e} Paul Sabatier}
}

@article{bartlett-rademacher,
  title={Rademacher and Gaussian complexities: Risk bounds and structural results},
  author={Bartlett, Peter L and Mendelson, Shahar},
  journal={Journal of Machine Learning Research},
  volume={3},
  number={Nov},
  pages={463--482},
  year={2002}
}

@book{pena,
  title={Decoupling: from dependence to independence},
  author={De la Pe{\~n}a, Victor and Gin{\'e}, Evarist},
  year={1999},
  publisher={Springer Science \& Business Media}
}

@article{jayant,
    title={Signal compression based on models of human perception},
    author={Nikil Jayant and James Johnston and Robert Safranek},
    journal={Proceedings of the IEEE},
    volume={81},
    number={10},
    pages={1385--1422},
    year={1993}
}

@article{thiede,
    title={{PEAQ}---the {ITU} standard for objective measurement of perceived audio quality},
    author={Thilo Thiede and William C. Treurniet and Roland Bitto and Christian Schmidmer and Thomas Sporer and John G. Beerends and Catherine Colomes and Michael Keyhl and Gerhard Stoll and Karlheinz Brandenburg and Bernhard Feiten},
    journal={Journal of the Audio Engineering Society},
    volume={48},
    number={1},
    pages={3--29},
    year={2000}
}

@book{shalev,
  title={Understanding Machine Learning: From Theory to Algorithms},
  author={Shai Shalev-Shwartz and Shai Ben-David},
  year={2014},
  publisher={Cambridge University Press},
}

@online{loc,
  author = {{L}ibrary of Congress},
  title = {{MP3} ({MPEG} Layer {III} Audio Encoding)},
  year = 2017,
  url = {https://www.loc.gov/preservation/digital/formats/fdd/fdd000012.shtml},
  urldate = {2018-04-02}
}

@article{alexnet,
    title={{I}mage{N}et Classification with Deep Convolutional Neural Networks},
    author={Alex Krizhevsky and Ilya Sutskever and Geoffrey E. Hinton},
    journal={Advances in Neural Information Processing Systems},
    volume={25},
    year={2012}
}

@article{burges,
    title={A Tutorial on Support Vector Machines for Pattern Recognition},
    author={Christopher J.C. Burges},
    journal={Data Mining and Knowledge Discovery},
    volume={2},
    number={2},
    year={1998},
    pages={121--167}
}

@online{johnson,
  author = {Jesse Johnson},
  title = {General regression and over fitting},
  year = 2013,
  url = {https://shapeofdata.wordpress.com/2013/03/26/general-regression-and-over-fitting},
  urldate = {2018-04-08}
}

@online{lame,
  author = {Robert Hegemann and Alexander Leidinger	and Rog√©rio Brito},
  title = {{LAME} {MP}3 Encoder},
  year = 2017,
  url = {http://lame.sourceforge.net/},
  urldate = {2018-04-10}
}

@article{holters,
    title={{GSTPEAQ} -- An Open Source Implementation of the {PEAQ} Algorithm},
    author={Martin Holters and Udo Z\"olzer},
    journal={Procedings of the International Conference on Digital Audio Effects},
    volume={18},
    year={2015}
}

@online{mcguire,
    title = {{L}ibri{V}ox: Free Public Domain Audiobooks},
    author={Hugh McGuire},
    url={https://librivox.org/},
    urldata={2018-04-11}
}